@misc{python,
    
    title        = "python",
    howpublished = "http://www.toptal.com/python/top-10-mistakes-that-python-programmers-make"
}
@misc{python_error,

    title        = "error ",
    howpublished = "http://www.dotnetperls.com/keyerror"
}
@misc{TwitterKeys,
   
    title        = "Twitter API keys",
    howpublished = "https://apps.twitter.com/app/6952225/keys"
}
@misc{Twittersearch,

    title        = "search",
    howpublished = "https://pypi.python.org/pypi/TwitterSearch/"
}
@misc{Twitter_tweepy_search,

    title        = "tweepy search ",
    howpublished = "https://www.youtube.com/user/sentdex"
}
@misc{LaTeX,

    title        = "latex search",
    howpublished = "https://www.sharelatex.com/learn/Code\_listing"
}

@misc{R-Histogram,
    
    title        = "youtube",
    howpublished = "https://www.youtube.com/watch?v=phsj6TUNZeI"
}
@misc{R-scatterplot,
    
    title        = "youtube-tutorial",
    howpublished = "http://youtu.be/Hj1pgap4UOY"
}


