@misc{python,
    
    title        = "python",
    howpublished = "http://docs.python-requests.org/en/latest/user/quickstart/"
}
@misc{pythonSolution,

    title        = "python",
    howpublished = "http://askubuntu.com/questions/352198/reading-all-files-from-a-directory"
}
@misc{pythonQuestions,
    
    title        = "python",
    howpublished = "http://stackoverflow.com/questions/5815747/beautifulsoup-getting-href"
}
@misc{URLUnicode,
    
    title        = "URLUnicode",
    howpublished = "https://docs.python.org/2/howto/unicode.html"
}
@misc{URLUnicodeStack,
    
    title        = "URLUnicode",
    howpublished = "http://stackoverflow.com/questions/19212306/difference-between-ascii-and-unicode"
}





