@misc{page,
    
    title        = "pagerank",
    howpublished = "http://www.prchecker.info/check\_page\_rank.php"
}
@misc{shell,

    title        = "shellscript",
    howpublished = "http://www.thegeekstuff.com/2009/03/15-practical-unix-grep-command-examples/"
}



