@misc{pythonScrape,
    
    title     = "BeautifulSoup Documentation",
    howpublished        = "http://www.crummy.com/software/BeautifulSoup/bs4/doc/"
}
@misc{PythonReference,
   
    title     = "Extracting data in table using BeautifulSoup",
    howpublished     = "http://stackoverflow.com/questions/16932072/extracting-data-in-table-using-beautifulsoup"
}
@misc{LateXSyntax,

    title     = "Bibliography management with bibtex ",
    howpublished        = "pwdhttp://www.sharelatex.com/learn/"
}
@misc{Latex,
    
    title     = "LaTeX/FloatsFigures and Captions",
    howpublished        = "http://en.wikibooks.org/wiki/LaTeX/"
}
@misc{WebStructure,
    
    title     = "The Structure of the Web",
    howpublished        = "http://www.cs.cornell.edu/home/kleinber/networks-book/networks-book-ch13.pdf"
}