@misc{Data,   
    title        = "Data files used for assignment",
    howpublished = "http://files.grouplens.org/datasets/movielens/ml-100k/",	
	note         = "Data collected by GroupLens Research Project",
	year         = "April 1998"
}
@misc{stackoverflow,
    
    author       = "Devin Jeanpierre",
	title        = "Sort a python dictionary by value",
    howpublished = "http://stackoverflow.com/questions/613183/sort-a-python-dictionary-by-value",	
	year		 = "March 2009"	
}
@misc{stack,
    
    author       = "Frederick Hamidi",
	title        = "Python: Run function from the command line",
    howpublished = "http://stackoverflow.com/questions/3987041/python-run-function-from-the-command-line",	
	year		 = "October 2010"	
}
@misc{pythonProgram,

    author       = "K. Arthur Endsley",
	title        = "recommendations.py program",
    howpublished = "https://github.com/arthur-e/Programming-Collective-Intelligence/blob/master/chapter2/recommendations.py",
	year         = "December 2012"
}
@book{book,
    author       = "Toby Segaran",
	publisher    = "O'Reilly Media",
	title        = "Programming Collective Intelligence",
	pages        = "7-28",
	year         = "August 2007",
	isbn         = "978-0-596-52932-1"	
}





