@misc{stack,    
    title        = "Stack overflow for xml parsing",    
    howpublished = "http://stackoverflow.com/questions/4071696/python-beautifulsoup-xml-parsing"
}
@misc{p,    
    title        = "Template for D3",
    howpublished = "http://nbviewer.ipython.org/github/rossant/euroscipy2014/blob/master/04\_dataviz.ipynb"
}

