
@misc{bloglink,

    
	author       = "Molly Wizenberg",
    title        = "Blog",
    howpublished = "http://orangette.blogspot.com/"

	
}
@book{book,
    author       = "Toby Segaran",
	publisher    = "O'Reilly Media",
	title        = "Programming Collective Intelligence",
	pages        = "7-28",
	year         = "August 2007",
	isbn         = "978-0-596-52932-1"	
}





