@misc{p,
    
    title        = "Mosaic",
    howpublished = "http://cran.r-project.org/web/packages/mosaic/mosaic.pdf"
}
@misc{pdf,

    title        = "ScattePlotPaper",
    howpublished = "http://www.calvin.edu/\~rpruim/talks/SC11/Seattle/RatSC11/Master-StatsForScience.pdf"
}
@misc{stackoverflow,
    
    title        = "scatterPlot",
    howpublished = "http://www.r-tutor.com/elementary-statistics/quantitative-data/scatter-plot"
}
@misc{twitter,
    
    title        = "TweepyDocumentation",
    author       = "Joshua Roesslein",
    howpublished = "https://media.readthedocs.org/pdf/tweepy/latest/tweepy.pdf"
}
@misc{youtube,
    
    title        = "YoutubeTutorial",
    howpublished = "https://www.youtube.com/watch?v=U64yNvlhv9I"
}