@misc{igraph,
    
    title        = "An Information Flow Model for Conflict and 
Fission in Small Groups",
    author       = "W. ZACHARY",
    howpublished = "http://aris.ss.uci.edu/\~lin/76.pdf"
}
@misc{p,
    
    title        = "igraph",
    howpublished = "http://igraph.org/python/"
}
@misc{pdf,

    title        = "igraphTutorial",
    howpublished = "http://igraph.org/python/doc/tutorial/tutorial.html"
}
@misc{resources,
    
    title        = "HelpfulTutorials",
    howpublished = "http://lists.nongnu.org/archive/html/igraph-help/2008-10/msg00024.html"
}
@misc{tutorial,
    
    title        = "otherResources",
    howpublished = "http://www.cs.rhul.ac.uk/home/tamas/development/igraph/tutorial/tutorial.html"
}
