
@misc{feedparser,
    
    title        = "Python for beginners",
    howpublished = "http://www.pythonforbeginners.com/feedparser/using-feedparser-in-python",	
	year		 = "October 2009"	
}
@misc{stack,
    
    author       = "eumiro",
	title        = "Sorted function in python",
    howpublished = "http://stackoverflow.com/questions/14218933/sorted-function-in-python",	
	year		 = "January 2013"	
}
@misc{pythonProgram,

    
	title        = "feedparser.py program",
    howpublished = "http://www.cs.odu.edu/~mln/teaching/cs595-f13/chapter3/code/generatefeedvector.python",
	
}
@book{book,
    author       = "Toby Segaran",
	publisher    = "O'Reilly Media",
	title        = "Programming Collective Intelligence",
	pages        = "7-28",
	year         = "August 2007",
	isbn         = "978-0-596-52932-1"	
}





